%% This BibTeX bibliography file was created using BibDesk.
%% http://bibdesk.sourceforge.net/


%% Created for Lauro Cesar Araujo at 2013-04-05 08:03:49 -0300 


%% Saved with string encoding Unicode (UTF-8) 

@book{kopetz2011real,
  title={Real-time systems: design principles for distributed embedded applications},
  author={Kopetz, Hermann},
  year={2011},
  publisher={Springer}
}

@MISC{proteus2013,
 author = {{LABCENTER}},
 title = {Labcenter Eletronics},
 url = {http://www.labcenter.com/index.cfm},
 note = {acessado em 05/03/2013},
 year = {2013}
}

@book{mall2009real,
  title={Real-Time Systems: Theory and Practice},
  author={Mall, Rajib},
  year={2009},
  publisher={Pearson Education India}
}

@article{galvao2013requirements,
  title={Desenvolvimento de um Protótipo de Bomba de Infusão de Insulina de Baixo Custo: em busca de uma alternativa para a população de baixa renda portadora de diabetes.},
  author={Galv{\~a}o Martins, Luiz Eduardo and Saburo Shida, Cl{\'a}udio and Elena Casarini, Dulce and Almada Colucci, Juliana and Sousa Cunha, Tatiana  and de Oliveira, Tiago},
  publisher={Projeto submetido ao MCTI},
  year={2012}
}

@manual{mikroc2006,
	Author = {{MIKROELETRONIKA}},
	Title = {MikroC Making it Simple User's Manual},
	Url = {http://www.mikroe.com/pdf/mikroc/mikroc_manual.pdf},
	Urlaccessdate = {16.4.2013},
	Year = {2006},
	Bdsk-Url-1 = {http://mirrors.ctan.org/info/babel/babel.pdf}
}

@article{murakamisensores,
  title={Sensores de glicose e bombas de insulina--em busca do p{\^a}ncreas artificial},
  author={Murakami, Alexandre and Sabbatini, Alexandre}
}

@article{farines2000sistemas,
  title={Sistemas de Tempo Real},
  author={Farines, Jean-Marie and Fraga, Joni da Silva and Oliveira, RS de},
  journal={Escola de Computa{\c{c}}{\~a}o},
  volume={2000},
  pages={201},
  year={2000}
}

@article{pereira2007tecnologia,
  title={Tecnologia ARM-Microcontroladores de 32 Bits},
  author={Pereira, F{\'a}bio},
  journal={S{\~a}o Paulo: Editora {\'E}rica},
  year={2007}
}

@MISC{portaldiabetes2009,
 author = {{PORTALDIABETES}},
 title = {Bombas de Infus{\~a}o de Insulina},
 url = {http://www.portaldiabetes.com.br/conteudocompleto.asp?idconteudo=3267},
 note = {acessado em 10/03/2013},
 year = {2009}
}

@book{rosario2006principios,
  title={Princ{\'\i}pios de mecatr{\^o}nica},
  author={Ros{\'a}rio, Jo{\~a}o Maur{\'\i}cio},
  year={2006},
  publisher={Pearson Prentice Hall}
}

@MISC{sbc2014,
 author = {{SBC}},
 title = {Tudo sobre diabetes},
 url = {http://www.diabetes.org.br},
 note = {acessado em 20/05/2014},
 year = {2014}
}

@book{chironis1991mechanisms,
  title={Mechanisms \& mechanical devices sourcebook},
  author={Chironis, Nicholas P and Sclater, Neil},
  year={1991},
  publisher={McGraw-Hill New York}
}

@MISC{bytecraft2013,
 author = {{Byte Craft Limited}},
 title = {First Steps With Embedded Systems},
 url = {http://www.bytecraft.com/downloads/firststeps.pdf},
 note = {acessado em 20/04/2013}
}

@misc{sommerville2004software,
  title={Software Engineering. International computer science series},
  author={Sommerville, Ian},
  year={2004},
  publisher={Addison Wesley}
}

@misc{trabalho2014feito,
  title={Sistemas embarcados cr{\'\i}ticos},
  author={{TRABALHOSFEITOS}},
  year={2011},
  note = {acessado em 14/05/2014}
}

@MISC{radio2012amadores,
 author = {{RADIOAMADORES}},
 title = {Microcontroladores},
 url = {http://www.radioamadores.net/files/microcontroladores_pic.pdf},
 note = {acessado em 02/12/2012},
 year = {2009}
}

@MISC{nomadusp2014,
 author = {{NOMADSUSP}},
 title = {Sensores},
 url = {http://www.nomads.usp.br/pesquisas/design/dos/Capacitacao/arquivos/sensores.pdf},
 note = {acessado em 02/04/2014},
 year = {2012}
}

@book{wazlawick2009metodologia,
  title={Metodologia de pesquisa para ci{\^e}ncia da computa{\c{c}}{\~a}o},
  author={Wazlawick, Raul},
  year={2009},
  publisher={Elsevier Brasil}
}

@MISC{wikibook2012embedded,
 author = {{WIKIBOOK}},
 title = {Embedded Systems Introduction},
 url = {http://en.wikibooks.org/wiki/Embedded_Systems/Embedded_Systems_Introductio},
 note = {acessado em 02/12/2012},
 year = {2012}
}

@MISC{wikipedia2012pic,
 author = {{WIKIPEDIA}},
 title = {Pic},
 url = {http://pt.wikipedia.org/wiki/Microcontrolador_PIC},
 note = {acessado em 01/12/2012},
 year = {2012}
}

@MISC{wikipedia2012spice,
 author = {{WIKIPEDIA}},
 title = {SPICE},
 url = {http://en.wikipedia.org/wiki/SPICE},
 note = {acessado em 06/03/2013},
 year = {2013}
}

@MISC{wikipedia2012stepper,
 author = {{WIKIPEDIA}},
 title = {Motor de passo},
 url = {http://pt.wikipedia.org/wiki/Motor_de_passo},
 note = {acessado em 04/12/2012},
 year = {2012}
}

@MISC{portaldiabetes2008,
 author = {{PORTALDIABETES}},
 title = {Iniciando insulinoterapia no diabetes mellitus tipo 2},
 url = {http://www.portaldiabetes.com.br/conteudocompleto.asp?idconteudo=3267},
 note = {acessado em 04/03/2013},
 year = {2008}
}

@MISC{diabetes2013,
 author = {{DIABETES}},
 title = {Bomba de infusão de insulina},
 url = {http://www.diabetes.org.br/sala-de-noticias/2316-bombas-de-infusao-de-insulina},
 note = {acessado em 08/03/2013},
 year = {2013}
}

@MISC{cunha2013,
 author = {Alessando Cunha},
 title = {O que são sistemas embarcados?},
 url = {http://www.techtraining.eng.br/files/uploads/2013/04/19/artigo-sist-emb.pdf},
 note = {acessado em 20/05/2014},
 year = {2013}
}

@MISC{germano2011,
 author = {Alan Germano},
 title = {Você sabe o que são sistemas embarcado?},
 url = {http://www.gruponetcampos.com.br/2011/05/voce-sabe-o-que-sao-sistemas-embarcados/},
 note = {acessado em 20/05/2014},
 year = {2011}
}

@inproceedings{jordan2006standard,
  title={Standard IEC 62304-Medical device software-Software lifecycle processes},
  author={Jordan, Peter},
  booktitle={Software for Medical Devices, 2006. The Institution of Engineering and Technology Seminar on},
  pages={41--47},
  year={2006},
  organization={IET}
}

@inproceedings{feldmann2007survey,
  title={A survey of software engineering techniques in medical device development},
  author={Feldmann, Raimund L and Shull, Forrest and Denger, Christian and Host, Martin and Lindholm, Christin},
  booktitle={High Confidence Medical Devices, Software, and Systems and Medical Device Plug-and-Play Interoperability, 2007. HCMDSS-MDPnP. Joint Workshop on},
  pages={46--54},
  year={2007},
  organization={IEEE}
}

@book{ganssle1999art,
  title={The art of designing embedded systems},
  author={Ganssle, Jack},
  year={1999},
  publisher={Newnes}
}

@book{lee2011introduction,
  title={Introduction to embedded systems: A cyber-physical systems approach},
  author={Lee, Edward Ashford and Seshia, Sanjit Arunkumar},
  year={2011},
  publisher={Lee \& Seshia}
}

@book{acarnley2002stepping,
  title={Stepping motors: a guide to theory and practice},
  author={Acarnley, Paul P},
  number={63},
  year={2002},
  publisher={Iet}
}

@article{demotor,
  title={Motor de Passo},
  author={de Almeida Santos, Vinicius Puga},
  year = {2008}
}

@article{minicucci2008uso,
  title={Uso de bomba de infus{\~a}o subcut{\^a}nea de insulina e suas indica{\c{c}}{\~o}es:[revis{\~a}o]},
  author={Minicucci, Walter Jos{\'e}},
  journal={Arq. bras. endocrinol. metab},
  volume={52},
  number={2},
  pages={340--348},
  year={2008}
}

@article{amorim2008novas,
  title={Novas abordagens em insulinoterapia},
  author={Amorim, Ana Carolina Pinheiro de},
  year={2008},
  publisher={Universidade da Beira Interior}
}

@article{zhang2010hazard,
  title={A hazard analysis for a generic insulin infusion pump},
  author={Zhang, Yi and Jones, Paul L and Jetley, Raoul},
  journal={Journal of diabetes science and technology},
  volume={4},
  number={2},
  pages={263--283},
  year={2010},
  publisher={SAGE Publications}
}

@book{shalloway2004design,
  title={Design patterns explained: a new perspective on object-oriented design},
  author={Shalloway, Alan and Trott, James R},
  year={2004},
  publisher={Pearson Education}
}

@article{schreiner1993object,
  title={Object oriented programming with ANSI-C},
  author={Schreiner, Axel-Tobias},
  year={1993},
  publisher={Hanser}
}

@MISC{lcd1996unicamp,
  author={Barbacena, Ilton and Fleury Afonso, Claudio},
  publisher={UNICAMP},
 title = {DISPLAY LCD},
 url = {ftp://ftp.dca.fee.unicamp.br/pub/docs/ea079/complementos/Lcd.pdf},
 note = {acessado em 20/06/2014},
 year = {1996}
}

% http://www.staff.ncl.ac.uk/philip.home/who_dmg.pdf
@article{alberti1998definition,
  title={Definition, diagnosis and classification of diabetes mellitus and its complications. Part 1: diagnosis and classification of diabetes mellitus. Provisional report of a WHO consultation},
  author={Alberti, Kurt George Matthew Mayer and Zimmet, PZ ft},
  journal={Diabetic medicine},
  volume={15},
  number={7},
  pages={539--553},
  year={1998},
  publisher={Wiley Online Library}
}

@article{magnolti2007update,
  title={An update on insulin injection devices},
  author={Magnolti, Michael A and Rayfield, Elliot J},
  journal={Insulin},
  volume={2},
  number={4},
  pages={173--181},
  year={2007},
  publisher={Elsevier}
}

@article{bode2002insulin,
  title={Insulin pump therapy in the 21st century},
  author={Bode, Bruce W and Tamborlane, William V and Davidson, Paul C},
  journal={Postgrad Med},
  volume={111},
  number={69-77},
  pages={9},
  year={2002}
}

@book{li2003real,
  title={Real-time concepts for embedded systems},
  author={Li, Qing and Yao, Caroline},
  year={2003},
  publisher={CRC Press}
}

@MISC{transdutores2004usp,
 author = {Oliveira Almeida, Pedro Afonso de},
 title = {TRANSDUTORES PARA MEDIDA DE DESLOCAMENTOS LINEARES },
 url = {http://www.lem.ep.usp.br/pef5003/TRANSDUTORES-1.pdf},
 note = {acessado em 20/07/2014},
 year = {2004}
}

@MISC{eletronicabrasil,
 author = {{ELETRONICABRASIL}},
 title = {pic18f452 microgenios},
 url = {http://www.eletronicabrasil.com.br/},
 note = {acessado em 02/02/2014},
 year = {2014}
}